%YAML 1.1
%TAG !u! tag:unity3d.com,2011:
--- !u!1 &1672242659374470
GameObject:
  m_ObjectHideFlags: 0
  m_CorrespondingSourceObject: {fileID: 0}
  m_PrefabInstance: {fileID: 0}
  m_PrefabAsset: {fileID: 0}
  serializedVersion: 6
  m_Component:
  - component: {fileID: 4207701621693582}
  - component: {fileID: 33214517628472546}
  - component: {fileID: 23625353231150336}
  - component: {fileID: 8209834373302612238}
  - component: {fileID: 8001950928808261788}
  - component: {fileID: 1054929015265295535}
  - component: {fileID: 6599594231331565243}
  - component: {fileID: 453254112946581919}
  - component: {fileID: 2229012530781973865}
  m_Layer: 0
  m_Name: BishopDark
  m_TagString: Untagged
  m_Icon: {fileID: 0}
  m_NavMeshLayer: 0
  m_StaticEditorFlags: 0
  m_IsActive: 1
--- !u!4 &4207701621693582
Transform:
  m_ObjectHideFlags: 0
  m_CorrespondingSourceObject: {fileID: 0}
  m_PrefabInstance: {fileID: 0}
  m_PrefabAsset: {fileID: 0}
  m_GameObject: {fileID: 1672242659374470}
  m_LocalRotation: {x: 0, y: 0, z: 0, w: 1}
  m_LocalPosition: {x: 0, y: 0, z: 0}
  m_LocalScale: {x: 1, y: 1, z: 1}
  m_Children: []
  m_Father: {fileID: 0}
  m_RootOrder: 0
  m_LocalEulerAnglesHint: {x: 0, y: 0, z: 0}
--- !u!33 &33214517628472546
MeshFilter:
  m_ObjectHideFlags: 0
  m_CorrespondingSourceObject: {fileID: 0}
  m_PrefabInstance: {fileID: 0}
  m_PrefabAsset: {fileID: 0}
  m_GameObject: {fileID: 1672242659374470}
  m_Mesh: {fileID: 4300000, guid: 9872e0b509ff2d04299e3fe92e0deacc, type: 3}
--- !u!23 &23625353231150336
MeshRenderer:
  m_ObjectHideFlags: 0
  m_CorrespondingSourceObject: {fileID: 0}
  m_PrefabInstance: {fileID: 0}
  m_PrefabAsset: {fileID: 0}
  m_GameObject: {fileID: 1672242659374470}
  m_Enabled: 1
  m_CastShadows: 1
  m_ReceiveShadows: 1
  m_DynamicOccludee: 1
  m_MotionVectors: 1
  m_LightProbeUsage: 1
  m_ReflectionProbeUsage: 1
  m_RenderingLayerMask: 1
  m_RendererPriority: 0
  m_Materials:
  - {fileID: 2100000, guid: 519bb7ad9c0b01145b66756f3c261e30, type: 2}
  m_StaticBatchInfo:
    firstSubMesh: 0
    subMeshCount: 0
  m_StaticBatchRoot: {fileID: 0}
  m_ProbeAnchor: {fileID: 0}
  m_LightProbeVolumeOverride: {fileID: 0}
  m_ScaleInLightmap: 1
  m_PreserveUVs: 0
  m_IgnoreNormalsForChartDetection: 0
  m_ImportantGI: 0
  m_StitchLightmapSeams: 0
  m_SelectedEditorRenderState: 3
  m_MinimumChartSize: 4
  m_AutoUVMaxDistance: 0.5
  m_AutoUVMaxAngle: 89
  m_LightmapParameters: {fileID: 0}
  m_SortingLayerID: 0
  m_SortingLayer: 0
  m_SortingOrder: 0
--- !u!54 &8209834373302612238
Rigidbody:
  m_ObjectHideFlags: 0
  m_CorrespondingSourceObject: {fileID: 0}
  m_PrefabInstance: {fileID: 0}
  m_PrefabAsset: {fileID: 0}
  m_GameObject: {fileID: 1672242659374470}
  serializedVersion: 2
  m_Mass: 1
  m_Drag: 0
  m_AngularDrag: 0.05
  m_UseGravity: 1
  m_IsKinematic: 0
  m_Interpolate: 0
  m_Constraints: 0
  m_CollisionDetection: 0
--- !u!64 &8001950928808261788
MeshCollider:
  m_ObjectHideFlags: 0
  m_CorrespondingSourceObject: {fileID: 0}
  m_PrefabInstance: {fileID: 0}
  m_PrefabAsset: {fileID: 0}
  m_GameObject: {fileID: 1672242659374470}
  m_Material: {fileID: 0}
  m_IsTrigger: 0
  m_Enabled: 1
  serializedVersion: 3
  m_Convex: 1
  m_CookingOptions: 14
  m_Mesh: {fileID: 4300000, guid: 9872e0b509ff2d04299e3fe92e0deacc, type: 3}
--- !u!114 &1054929015265295535
MonoBehaviour:
  m_ObjectHideFlags: 0
  m_CorrespondingSourceObject: {fileID: 0}
  m_PrefabInstance: {fileID: 0}
  m_PrefabAsset: {fileID: 0}
  m_GameObject: {fileID: 1672242659374470}
  m_Enabled: 1
  m_EditorHideFlags: 0
  m_Script: {fileID: 11500000, guid: 23f9be7a3cb53794ead8b55e784b65aa, type: 3}
  m_Name: 
  m_EditorClassIdentifier: 
  targetObject: {fileID: 0}
  boundsOverride: {fileID: 0}
  boundsCalculationMethod: 0
  activation: 0
  scaleMinimum: 0.2
  scaleMaximum: 2
  flattenAxis: 0
  flattenAxisDisplayScale: 0
  boxPadding: {x: 0, y: 0, z: 0}
  boxMaterial: {fileID: 2100000, guid: 4a9aae3094118f44593e7f8000e24c31, type: 2}
  boxGrabbedMaterial: {fileID: 2100000, guid: 7e4095c5609075846b657c8917aae797, type: 2}
  showWireframe: 0
  wireframeShape: 0
  wireframeMaterial: {fileID: 0}
  wireframeEdgeRadius: 0.001
  handleMaterial: {fileID: 2100000, guid: 986558eab447a9847bbe138149edc1b4, type: 2}
  handleGrabbedMaterial: {fileID: 2100000, guid: bf37b5eab60b288498d02fd524325d10,
    type: 2}
  scaleHandlePrefab: {fileID: 0}
  scaleHandleSlatePrefab: {fileID: 0}
  scaleHandleSize: 0.016
  scaleHandleColliderPadding: {x: 0.016, y: 0.016, z: 0.016}
  rotationHandlePrefab: {fileID: 3868891704370700786, guid: 969c9b04d1b1848489de0d6efe6250fc,
    type: 3}
  rotationHandleSize: 0.016
  rotateHandleColliderPadding: {x: 0.016, y: 0.016, z: 0.016}
  rotationHandlePrefabColliderType: 1
  showScaleHandles: 0
  showRotationHandleForX: 0
  showRotationHandleForY: 0
  showRotationHandleForZ: 0
  drawTetherWhenManipulating: 0
  proximityEffectActive: 0
  handleMediumProximity: 0.1
  handleCloseProximity: 0.03
  farScale: 0
  mediumScale: 1
  closeScale: 1.5
  farGrowRate: 0.3
  mediumGrowRate: 0.2
  closeGrowRate: 0.3
  handlesIgnoreCollider: {fileID: 0}
  debugText: {fileID: 0}
  hideElementsInInspector: 1
  RotateStarted:
    m_PersistentCalls:
      m_Calls: []
    m_TypeName: UnityEngine.Events.UnityEvent, UnityEngine.CoreModule, Version=0.0.0.0,
      Culture=neutral, PublicKeyToken=null
  RotateStopped:
    m_PersistentCalls:
      m_Calls: []
    m_TypeName: UnityEngine.Events.UnityEvent, UnityEngine.CoreModule, Version=0.0.0.0,
      Culture=neutral, PublicKeyToken=null
  ScaleStarted:
    m_PersistentCalls:
      m_Calls: []
    m_TypeName: UnityEngine.Events.UnityEvent, UnityEngine.CoreModule, Version=0.0.0.0,
      Culture=neutral, PublicKeyToken=null
  ScaleStopped:
    m_PersistentCalls:
      m_Calls: []
    m_TypeName: UnityEngine.Events.UnityEvent, UnityEngine.CoreModule, Version=0.0.0.0,
      Culture=neutral, PublicKeyToken=null
--- !u!114 &6599594231331565243
MonoBehaviour:
  m_ObjectHideFlags: 0
  m_CorrespondingSourceObject: {fileID: 0}
  m_PrefabInstance: {fileID: 0}
  m_PrefabAsset: {fileID: 0}
  m_GameObject: {fileID: 1672242659374470}
  m_Enabled: 1
  m_EditorHideFlags: 0
  m_Script: {fileID: 11500000, guid: 03daa81ea5f685f4ebf6e32038d058ca, type: 3}
  m_Name: 
  m_EditorClassIdentifier: 
  hostTransform: {fileID: 0}
  manipulationType: 2
  twoHandedManipulationType: 3
  allowFarManipulation: 1
  oneHandRotationModeNear: 6
  oneHandRotationModeFar: 6
  releaseBehavior: -1
  constraintOnRotation: 0
  constraintOnMovement: 0
  smoothingActive: 1
  smoothingAmountOneHandManip: 0.001
  OnManipulationStarted:
    m_PersistentCalls:
      m_Calls:
      - m_Target: {fileID: 2229012530781973865}
        m_MethodName: SendMessage
        m_Mode: 5
        m_Arguments:
          m_ObjectArgument: {fileID: 0}
          m_ObjectArgumentAssemblyTypeName: UnityEngine.Object, UnityEngine
          m_IntArgument: 0
          m_FloatArgument: 0
          m_StringArgument: Manipulating
          m_BoolArgument: 0
        m_CallState: 2
    m_TypeName: Microsoft.MixedReality.Toolkit.UI.ManipulationEvent, Microsoft.MixedReality.Toolkit.SDK,
      Version=0.0.0.0, Culture=neutral, PublicKeyToken=null
  OnManipulationEnded:
    m_PersistentCalls:
      m_Calls:
      - m_Target: {fileID: 2229012530781973865}
        m_MethodName: SendMessage
        m_Mode: 5
        m_Arguments:
          m_ObjectArgument: {fileID: 0}
          m_ObjectArgumentAssemblyTypeName: UnityEngine.Object, UnityEngine
          m_IntArgument: 0
          m_FloatArgument: 0
          m_StringArgument: Moved
          m_BoolArgument: 0
        m_CallState: 2
    m_TypeName: Microsoft.MixedReality.Toolkit.UI.ManipulationEvent, Microsoft.MixedReality.Toolkit.SDK,
      Version=0.0.0.0, Culture=neutral, PublicKeyToken=null
  OnHoverEntered:
    m_PersistentCalls:
      m_Calls: []
    m_TypeName: Microsoft.MixedReality.Toolkit.UI.ManipulationEvent, Microsoft.MixedReality.Toolkit.SDK,
      Version=0.0.0.0, Culture=neutral, PublicKeyToken=null
  OnHoverExited:
    m_PersistentCalls:
      m_Calls: []
    m_TypeName: Microsoft.MixedReality.Toolkit.UI.ManipulationEvent, Microsoft.MixedReality.Toolkit.SDK,
      Version=0.0.0.0, Culture=neutral, PublicKeyToken=null
--- !u!114 &453254112946581919
MonoBehaviour:
  m_ObjectHideFlags: 0
  m_CorrespondingSourceObject: {fileID: 0}
  m_PrefabInstance: {fileID: 0}
  m_PrefabAsset: {fileID: 0}
  m_GameObject: {fileID: 1672242659374470}
  m_Enabled: 1
  m_EditorHideFlags: 0
  m_Script: {fileID: 11500000, guid: b73ba5e2b746bb345b181c741afca6b2, type: 3}
  m_Name: 
  m_EditorClassIdentifier: 
--- !u!114 &2229012530781973865
MonoBehaviour:
  m_ObjectHideFlags: 0
  m_CorrespondingSourceObject: {fileID: 0}
  m_PrefabInstance: {fileID: 0}
  m_PrefabAsset: {fileID: 0}
  m_GameObject: {fileID: 1672242659374470}
  m_Enabled: 1
  m_EditorHideFlags: 0
  m_Script: {fileID: 11500000, guid: 228d80e470a4a3a4b8997ddd192e6c24, type: 3}
  m_Name: 
  m_EditorClassIdentifier: 
  originalXPosition: 0
  originalZPosition: 0
  colour: 
  type: 
